@online{chrome-logo,
	url = {https://bestwebbrowser.net/wp-content/uploads/2020/09/chrome-logo.png},
	urldate = {2021-05-12},
	title = {Best Webbrowsers 2020},
	author = {bestwebbrowser.net},
	year = {2021},
}
@online{firefox,
	url = {https://bestwebbrowser.net/wp-content/uploads/2020/09/firefox-logo.png},
	urldate = {2021-05-12},
	title = {Best Webbrowsers 2020},
	author = {bestwebbrowser.net},
	year = {2021},
}

